<?xml version="1.0" encoding="UTF-8"?><collection xmlns="http://www.loc.gov/MARC21/slim"><record><leader>00594nam--2200181-i-4500</leader><controlfield tag="001">000003712</controlfield><controlfield tag="002">20161230</controlfield><controlfield tag="005">20161230201025</controlfield><controlfield tag="008">060222s1000------------r-----000-0-eng-d</controlfield><datafield ind1=" " ind2=" " tag="040"><subfield code="a">IFIN-HH</subfield></datafield><datafield ind1=" " ind2=" " tag="080"><subfield code="a">801.323.2=40=50:801.323.2=50=40</subfield></datafield><datafield ind1="1" ind2=" " tag="100"><subfield code="a">Boselli, Charles</subfield></datafield><datafield ind1="1" ind2="0" tag="245"><subfield code="a">Nouveau dictionnaire de poche francais-italien et italien-francais</subfield><subfield code="b">I-e partie: francais-italien</subfield><subfield code="c">Charles boselli</subfield></datafield><datafield ind1=" " ind2=" " tag="250"><subfield code="a">Nouvelle Edition Revue Et Corrigee</subfield></datafield><datafield ind1=" " ind2=" " tag="260"><subfield code="a">Milan</subfield><subfield code="b">Traves-treccani-tumminelli Editeurs</subfield><subfield code="c">1933</subfield></datafield><datafield ind1=" " ind2=" " tag="300"><subfield code="a">XXII + 458 P</subfield></datafield><datafield ind1=" " ind2=" " tag="852"><subfield code="a">D.153</subfield><subfield code="c">SLF</subfield></datafield><datafield ind1=" " ind2=" " tag="CAT"><subfield code="a">Sys</subfield><subfield code="c">20130213</subfield><subfield code="h">133154</subfield></datafield></record></collection>